[
@misc{desde_linux_2020,
    title={Licencias de Software Libre y CÃ³digo Abierto de Microsoft},
    howpublished="\url{https://blog.desdelinux.net/licencias-software-libre-codigo-abierto-microsoft/}",
    url={https://blog.desdelinux.net/licencias-software-libre-codigo-abierto-microsoft/},
    journal={Desde Linux},
    year={2020},
    month={Jan},
    note={Accedido: 31/3/2020}
},
@misc{microsoft_public_license_mspl,
    title={Microsoft Public License (MS-PL)},
    url={https://opensource.org/licenses/MS-PL},
    howpublished = "\url{https://opensource.org/licenses/MS-PL}",
    journal={Open Source Initiative},
    note={Accedido: 31/3/2020}
},
@misc{microsoft_reciprocal_license_msrl,
    title={Microsoft Reciprocal License (MS-RL)},
    url={https://opensource.org/licenses/MS-RL},
    howpublished = "\url{https://opensource.org/licenses/MS-RL}",
    journal={Open Source Initiative},
    publisher={Opensource.org},
    note={Accedido: 31/3/2020}
},
@misc{whitesource_2020, 
    title={Top 10 Microsoft Public License (Ms-PL) Questions Answered},
    url={https://resources.whitesourcesoftware.com/blog-whitesource/top-10-microsoft-public-license-ms-pl-questions-answered}, 
    howpublished = "\url{https://resources.whitesourcesoftware.com/blog-whitesource/top-10-microsoft-public-license-ms-pl-questions-answered}",
    journal={WhiteSource},
    year={2020},
    month={Feb},
    note={Accedido: 15/4/2020}
},
@misc{wiki:Shared_source,
   author = "Wikipedia",
   title = "Shared source",
   url={http://es.wikipedia.org/w/index.php?title=Shared\%20source&oldid=121562870}, 
   howpublished = {\url{http://es.wikipedia.org/w/index.php?title=Shared\%20source&oldid=121562870}},
   year = "2020",
   note = {Accedido 20/4/2020}
 },
@misc{wiki:Microsoft_OpenSource,
   author = "Wikipedia",
   title = "Microsoft and open source",
   url={https://en.wikipedia.org/wiki/Microsoft_and_open_source}, 
   howpublished = {\url{https://en.wikipedia.org/wiki/Microsoft_and_open_source}},
   year = "2020",
   note = {Accedido 21/4/2020}
 }]